
@Book{bk:lsy11,
  author = {O. A. Logachev, A. A. Salnikov, and V. V. Yashchenko},
  title = {{B}oolean functions in coding theory and cryptography},
  publisher = {American Mathematical Society},
  year = 2011,
  ISBN = {978-0-8218-4680-3},
  bibdate = {Thu Apr 19 02:14:00 2012}
}

@Book{bk:tw06,
  author = {W. Trappe and L. C. Washington},
	title = {Introduction to Cryptography with Coding Theory},
	publisher = {Pearson Education},
	year = 2006,
  ISBN = {0-13-186239-1},
	edition = {2nd},
	bibdate = {Thu Jan 26 23:04:45 2012}
}


@PhdThesis{phd:n06,
	author = "T. Neumann",
	title =  "Bent Functions",
	school = "University of Kaiserslautern",
	year =   "2006",
	month =  "May",
	bibdate = "Wed Jan 25 00:23:25 2012"
}

@Article{art:kg97,
	author = "A. Klapper and M. Goresky",
	title =  "Feedback Shift Registers, 2-Adic Span, and Combiners with
           Memory",
	journal = "Journal of Cryptology",
	year =   "1997",
	volume = "10",
	pages =  "111-147",
	bibdate = "Wed Jan 25 00:28:50 2012"
}

@Article{art:m69,
	author = "J. L. Massey",
	title =  "Shift Register Synthesis and {BCH} Decoding",
	journal = "IEEE Transactions on Information Theory",
	year =   "1969",
	volume = "15",
	pages =  "122-127",
	bibdate = "Wed Apr 25 00:28:50 2012",
}

@Article{art:b06,
	author = "T. B. Brock",
	title =  "Linear Feedback Shift Registers and Cyclic Codes in {S}age",
	journal = "Honors paper (U.S.N.A. Department of Mathematics)",
	year =   "2006",
	bibdate = "Wed Apr 25 00:28:50 2012",
}

@Book{bk:gk12,
  author =       "M. Goresky and A. Klapper",
  title =        "Algebraic Shift Register Sequences",
  publisher =    "Cambridge University Press",
  year =         "2012",
  ISBN =         "9781107014992",
  bibdate =      "Fri Oct 21 08:47:34 2011",
}

@InProceedings{pro:tt01,
	author = "W. J. Townsend and M. A. Thornton",
	title =  "Walsh Spectrum Computations Using {C}ayley Graphs",
	booktitle = "IEEE Midwest Symposium on Circuits and Systems",
	year =  "2001",
	pages = "110-113",
  month = "August",
}

@Article{art:kg12,
  author    = {A. Klapper and
               M. Goresky},
  title     = {Arithmetic Correlations and {W}alsh Transforms},
  journal   = {IEEE Transactions on Information Theory},
  volume    = {58},
  number    = {1},
  year      = {2012},
  pages     = {479-492},
  ee        = {http://dx.doi.org/10.1109/TIT.2011.2165333},
  bibsource = {DBLP, http://dblp.uni-trier.de}
}

@Article{art:r76,
	author = {O. S. Rothaus},
	title = {On "Bent" Functions},
	journal = {Journal of Combinatorial Theory},
	volume = {20},
	number = {3},
	year = {1976},
	pages = {300-305},
  bibdate = "Sun Feb 19 00:11:34 2012",
}

@Article{art:kx04,
  author    = {A. Klapper and
               J. Xu},
  title     = {Register Synthesis for Algebraic Feedback Shift Registers
               Based on Non-Primes},
  journal   = {Des. Codes Cryptography},
  volume    = {31},
  number    = {3},
  year      = {2004},
  pages     = {227-250},
  ee        = {http://dx.doi.org/10.1023/B:DESI.0000015886.71135.e1},
  bibsource = {DBLP, http://dblp.uni-trier.de}
}

@Article{art:kx99,
  author    = {A. Klapper and
               J. Xu},
  title     = {Algebraic Feedback Shift Registers},
  journal   = {Theor. Comput. Sci.},
  volume    = {226},
  number    = {1-2},
  year      = {1999},
  pages     = {61-92},
  ee        = {http://dx.doi.org/10.1016/S0304-3975(99)00066-3},
  bibsource = {DBLP, http://dblp.uni-trier.de}
}

@Article{art:g98,
	author = "J. \DH. Goli\'{c}",
	title =  "Recent Advances in Stream Cipher Cryptanalysis",
	journal = "Publications De L'Institut Math\'{e}matique",
	year =   "1998",
	volume = "64",
	pages =  "183-204",
	bibdate = "Fri Oct 21 08:47:34 2011",
}

@InProceedings{pro:kg95,
  author    = {A. Klapper and
               M. Goresky},
  title     = {Cryptoanalysis Based on 2-Adic Rational Approximation},
  booktitle = {CRYPTO},
  year      = {1995},
  pages     = {262-273},
  ee        = {http://dx.doi.org/10.1007/3-540-44750-4_21},
  OPTcrossref  = {DBLP:conf/crypto/1995},
  bibsource = {DBLP, http://dblp.uni-trier.de}
}

@Article{art:ns94,
  author    = {N. Nisan and
               M. Szegedy},
  title     = {On the Degree of {B}oolean Functions as Real Polynomials},
  journal   = {Computational Complexity},
  volume    = {4},
  year      = {1994},
  pages     = {301-313},
  ee        = {http://dx.doi.org/10.1007/BF01263419},
  bibsource = {DBLP, http://dblp.uni-trier.de},
	bibdate = "Wed Jan 25 01:44:25 2012",
}

@InCollection{col:c06,
	author = "C. Carlet",
	title = "{B}oolean Functions for Cryptography and Error Correcting Codes",
	booktitle = "{B}oolean Methods and Models",
	publisher = "Cambridge University Press",
	year = "2006",
	ISBN = "0521847524",
	editor = "Y. Crama and P. L. Hammer",
	bibdate = "Wed Jan 25 01:44:25 2012",
}

@Book{bk:m75,
	author= "J. R. Munkres",
	title = "Topology: A First Course",
	publisher = "Prentice Hall",
	year = "1975",
	ISBN = "0-13-925495-1",
	bibdate = "Wed Jan 25 01:44:25 2012",
}

@Book{bk:g82,
	author= "S. W. Golomb",
	title = "Shift Register Sequences",
	publisher = "Aegean Park Press",
	year = "1982",
	ISBN = "0-89412-048-4",
	bibdate = "Wed Jan 25 01:44:25 2012",
}

@Book{bk:bs66,
	author= "Z. I. Borevich and I. R. Shafarevich",
	title = "Number Theory",
	publisher = "Academic Press",
	year = "1966",
	ISBN = "65-28624",
	bibdate = "Wed Jan 25 01:44:25 2012",
}

@Book{bk:r86,
	author= "R. A. Reuppel",
	title = "Analysis and Design of Stream Ciphers",
	publisher = "Springer-Verlag",
	year = "1986",
	ISBN = "3-540-16870-2",
	bibdate = "Wed Jan 25 01:44:25 2012",
}

@Book{koblitz_p-adic-numbers,
	author= "N. Koblitz",
	title = "$p$-adic Numbers, $p$-adic Analysis, and Zeta-Functions",
	publisher = "Springer-Verlag",
	year = "1977",
	ISBN = "0-387-90274-0",
	bibdate = "Wed Jan 25 01:44:25 2012",
}

@Book{bk:cs09,
	author= {T. W. Cusik and P. St\u{a}nic\u{a}},
	title = {Cryptographic {B}oolean Functions and Applications},
	publisher = {Elsevier},
	year = 2009,
	ISBN = {978-0-1237-4890-4},
	bibdate = {Mon Feb 6 02:18:56 2012},
}


@misc{url:c12,
author={C. Celerier},
url = {https://github.com/celerier/oslo/},
note = {\url{https://github.com/celerier/oslo/}},
title ={github repository}
}

@misc{thesis:c12,
author={C. Celerier},
title={Feedback with carry shift-registers and bent functions},
year={2012},
note={USNA Honors Thesis},
url={https://github.com/celerier/oslo}
}

@article{art:bc99,
  title={Spectral analysis of {Boolean} functions as a graph eigenvalue problem},
  author={Bernasconi, A. and Codenotti, B.},
  journal={Computers, IEEE Transactions on},
  volume={48},
  number={3},
  pages={345--351},
  year={1999},
  publisher={IEEE}
}

@article{art:kj04,
  title={Antichains of Multisets},
  author={Kilibarda, G. and Jovovic, V.},
  journal={Journal of Integer Sequences},
  volume={7},
  number={2},
  pages={3},
  year={2004}
}

@inproceedings{art:k69,
  title={On {Dedekind's} problem: the number of monotone {Boolean} functions},
  author={Kleitman, D.},
  booktitle={Proc. Amer. Math. Soc},
  volume={21},
  number={3},
  pages={677--682},
  year={1969}
}

@article{art:s07,
  title={Graph eigenvalues and {Walsh} spectrum of {Boolean} functions},
  author={Stanica, P.},
  journal={Integers: Electronic Journal Of Combinatorial Number Theory},
  volume={7},
  number={2},
  pages={A32},
  year={2007}
}

@article{art:o87,
  title={Optimal weapons allocation against layered defenses},
  author={Orlin, D.},
  journal={Naval Research Logistics (NRL)},
  volume={34},
  number={5},
  pages={605--617},
  year={1987},
  publisher={Wiley Online Library}
}

@article{art:bz10,
  title={Solving LP relaxations of large-scale precedence constrained problems},
  author={Bienstock, D. and Zuckerberg, M.},
  journal={Integer Programming and Combinatorial Optimization},
  pages={1--14},
  year={2010},
  publisher={Springer}
}

@article{art:hc00,
  title={Performance analysis and best implementations of old and new algorithms for the open-pit mining problem},
  author={Hochbaum, D.S. and Chen, A.},
  journal={Operations Research},
  pages={894--914},
  year={2000},
  publisher={JSTOR}
}

@techreport{art:j68,
  title={Optimum open pit mine production scheduling.},
  author={Johnson, T.B.},
  year={1968},
  institution={DTIC Document}
}

@article{art:r70,
  title={A selection problem of shared fixed costs and network flows},
  author={Rhys, JMW},
  journal={Management Science},
  pages={200--207},
  year={1970},
  publisher={JSTOR}
}