@Article{,
  author =       "A. Klapper and J. Xu",
  title =        "Algebraic Feedback Shift Registers",
  journal =      "Theoretical Computer Science",
  year =         "1999",
  OPTvolume =    "226",
  OPTnumber =    "1-2",
  OPTpages =     "61-92",
  OPTmonth =     "September",
  OPTnote =      "",
  bibdate =      "Fri Oct 21 08:42:40 2011",
}

@Article{,
  author =       "",
  title =        "",
  journal =      "",
  year =         "",
  OPTvolume =    "",
  OPTnumber =    "",
  OPTpages =     "",
  OPTmonth =     "",
  OPTnote =      "",
  bibdate =      "Thu Feb 10 16:53:42 1994",
}

@Book{,
  author =       "M. Goresky and A. Klapper",
  title =        "Algebraic Shift Register Sequences",
  publisher =    "Cambridge University Press",
  year =         "2012",
  ISBN =         "9781107014992",
  LCCN =         "",
  OPTeditor =    "",
  OPTvolume =    "",
  OPTnumber =    "",
  OPTseries =    "",
  OPTaddress =   "",
  OPTedition =   "",
  OPTmonth =     "",
  OPTnote =      "",
  OPTpages =     "",
  OPTprice =     "",
  OPTacknowledgement = "",
  bibdate =      "Fri Oct 21 08:47:34 2011",
}
